@inbook{date,
  author="Дейт К.Дж.",
  title="Введение в системы баз данных.",
  publisher="--- Москва: издательский дом <<Вильяме>>, 2005. --- С. 51",
  language="russian",
}

@inbook{vinograd,
  author="Виноградов В.И.",
  title="Постреляционные модели баз данных и языки запросов: учеб.пособие",
  publisher="--- Москва: Изд-во МГТУ им. Н.Э. Баумана, 2016.",
  language="russian",
}

@misc{pecs,
	title="Карточки PECS для адаптивной коммуникации. [Электронный ресурс]",
	howpublished="Режим доступа: \url{https://chichiko.ru/blog/kartochki-pecs-dlya-detey-s-autizmom/} (дата обращения: 10.04.2022)"
}

@misc{popular,
	title=" Что такое графовая база данных [Электронный ресурс]",
	howpublished="Режим доступа: \url{https://wiki.merionet.ru/servernye-resheniya/101/chto-takoe-grafovaya-baza-dannyh/} (дата обращения: 20.04.2022)"
}

@misc{janusgraph,
	title="JanusGraph [Электронный ресурс]",
	howpublished="Режим доступа: \url{https://janusgraph.org/} (дата обращения: 20.04.2022)"
}

@misc{neo4j,
	title="Neo4j [Электронный ресурс]",
	howpublished="Режим доступа: \url{https://neo4j.com/} (дата обращения: 20.04.2022)"
}

@misc{dgraph,
	title="Dgraph [Электронный ресурс]",
	howpublished="Режим доступа: \url{https://dgraph.io/} (дата обращения: 20.04.2022)"
}

@misc{python,
	title="Python [Электронный ресурс]",
	howpublished="Режим доступа: \url{https://python.org/} (дата обращения: 20.04.2022)"
}

@misc{pythonwithneo4j,
	title="Using Neo4j from Python [Электронный ресурс]",
	howpublished="Режим доступа: \url{https://neo4j.com/developer/python/} (дата обращения: 20.04.2022)"
}

@misc{apoc,
	title="Neo4j APOC Library [Электронный ресурс]",
	howpublished="Режим доступа: \url{https://neo4j.com/developer/neo4j-apoc/} (дата обращения: 20.04.2022)"
}

@misc{fastapi,
	title="FastAPI [Электронный ресурс]",
	howpublished="Режим доступа: \url{https://fastapi.tiangolo.com/} (дата обращения: 20.04.2022)"
}

@misc{oswindows,
	title="Windows [Электронный ресурс]",
	howpublished="Режим доступа: \url{https://www.microsoft.com/ru-ru/windows} (дата обращения: 20.04.2022)"
}

@misc{intel,
	title="Процессор Intel® Core™ i5 [Электронный ресурс]",
	howpublished="Режим доступа: \url{https://www.intel.com/processors/core/i5/docs} (дата обращения: 20.04.2022)"
}